//
// Surveys
//
// B. Dong and X. Wang, "Comparison deep learning method to traditional methods using for network intrusion detection," 2016 8th IEEE International Conference on Communication Software and Networks (ICCSN), Beijing, 2016, pp. 581-585.
@INPROCEEDINGS{survey1, 
    author={B. {Dong} and X. {Wang}}, 
    booktitle={2016 8th IEEE International Conference on Communication Software and Networks (ICCSN)}, 
    title={Comparison deep learning method to traditional methods using for network intrusion detection}, 
    year={2016}, 
    volume={}, 
    number={}, 
    pages={581-585}
}
//
// Background
//
// S. Ji, W. Xu, M. Yang and K. Yu, "3D Convolutional Neural Networks for Human Action Recognition," in IEEE Transactions on Pattern Analysis and Machine Intelligence, vol. 35, no. 1, pp. 221-231, Jan. 2013.
@ARTICLE{image-rec1, 
    author={S. {Ji} and W. {Xu} and M. {Yang} and K. {Yu}}, 
    journal={IEEE Transactions on Pattern Analysis and Machine Intelligence}, 
    title={3D Convolutional Neural Networks for Human Action Recognition}, 
    year={2013}, 
    volume={35}, 
    number={1}, 
    pages={221-231}
}
// R. Girshick, J. Donahue, T. Darrell and J. Malik, "Region-Based Convolutional Networks for Accurate Object Detection and Segmentation," in IEEE Transactions on Pattern Analysis and Machine Intelligence, vol. 38, no. 1, pp. 142-158, 1 Jan. 2016.
@ARTICLE{image-rec2, 
    author={R. {Girshick} and J. {Donahue} and T. {Darrell} and J. {Malik}}, 
    journal={IEEE Transactions on Pattern Analysis and Machine Intelligence}, 
    title={Region-Based Convolutional Networks for Accurate Object Detection and Segmentation}, 
    year={2016}, 
    volume={38}, 
    number={1}, 
    pages={142-158}
}
// L. Deng and X. Li, "Machine Learning Paradigms for Speech Recognition: An Overview," in IEEE Transactions on Audio, Speech, and Language Processing, vol. 21, no. 5, pp. 1060-1089, May 2013.
@ARTICLE{speech-rec1, 
    author={L. {Deng} and X. {Li}}, 
    journal={IEEE Transactions on Audio, Speech, and Language Processing}, 
    title={Machine Learning Paradigms for Speech Recognition: An Overview}, 
    year={2013}, 
    volume={21}, 
    number={5}, 
    pages={1060-1089}
}
// R. Sarikaya, G. E. Hinton and A. Deoras, "Application of Deep Belief Networks for Natural Language Understanding," in IEEE/ACM Transactions on Audio, Speech, and Language Processing, vol. 22, no. 4, pp. 778-784, April 2014.
@ARTICLE{natural-lang1, 
    author={R. {Sarikaya} and G. E. {Hinton} and A. {Deoras}}, 
    journal={IEEE/ACM Transactions on Audio, Speech, and Language Processing}, 
    title={Application of Deep Belief Networks for Natural Language Understanding}, 
    year={2014}, 
    volume={22}, 
    number={4}, 
    pages={778-784}
}
//
// Expert-System
//
// D. S. Bauer, F. R. Eichelman, R. M. Herrera and A. E. Irgon, "Intrusion detection: an application of expert systems to computer security," Proceedings. International Carnahan Conference on Security Technology, Zurich, Switzerland, 1989, pp. 97-100.
@INPROCEEDINGS{expert1, 
    author={D. S. {Bauer} and F. R. {Eichelman} and R. M. {Herrera} and A. E. {Irgon}}, 
    booktitle={Proceedings. International Carnahan Conference on Security Technology}, 
    title={Intrusion detection: an application of expert systems to computer security}, 
    year={1989}, 
    volume={}, 
    number={}, 
    pages={97-100}
}
// D. S. Bauer and M. E. Koblentz, "NIDX-an expert system for real-time network intrusion detection," [1988] Proceedings. Computer Networking Symposium, Washington, DC, USA, 1988, pp. 98-106.
@INPROCEEDINGS{expert2, 
    author={D. S. {Bauer} and M. E. {Koblentz}}, 
    booktitle={[1988] Proceedings. Computer Networking Symposium}, 
    title={NIDX-an expert system for real-time network intrusion detection}, 
    year={1988}, 
    volume={}, 
    number={}, 
    pages={98-106}
}
// K. Ilgun, R. A. Kemmerer and P. A. Porras, "State transition analysis: a rule-based intrusion detection approach," in IEEE Transactions on Software Engineering, vol. 21, no. 3, pp. 181-199, March 1995.
@ARTICLE{expert3, 
    author={K. {Ilgun} and R. A. {Kemmerer} and P. A. {Porras}}, 
    journal={IEEE Transactions on Software Engineering}, 
    title={State transition analysis: a rule-based intrusion detection approach}, 
    year={1995}, 
    volume={21}, 
    number={3}, 
    pages={181-199}
}
// D. E. Denning, "An Intrusion-Detection Model," in IEEE Transactions on Software Engineering, vol. SE-13, no. 2, pp. 222-232, Feb. 1987.
@ARTICLE{expert4, 
    author={D. E. {Denning}}, 
    journal={IEEE Transactions on Software Engineering}, 
    title={An Intrusion-Detection Model}, 
    year={1987}, 
    volume={SE-13}, 
    number={2}, 
    pages={222-232}
}
// N. Moustafa, J. Slay and G. Creech, "Novel Geometric Area Analysis Technique for Anomaly Detection Using Trapezoidal Area Estimation on Large-Scale Networks," in IEEE Transactions on Big Data, vol. 5, no. 4, pp. 481-494, 1 Dec. 2019.
@ARTICLE{expert5, 
    author={N. {Moustafa} and J. {Slay} and G. {Creech}}, 
    journal={IEEE Transactions on Big Data}, 
    title={Novel Geometric Area Analysis Technique for Anomaly Detection Using Trapezoidal Area Estimation on Large-Scale Networks}, 
    year={2019}, 
    volume={5}, 
    number={4}, 
    pages={481-494}
}
//
// Data-Driven
//
// N. Shone, T. N. Ngoc, V. D. Phai and Q. Shi, "A Deep Learning Approach to Network Intrusion Detection," in IEEE Transactions on Emerging Topics in Computational Intelligence, vol. 2, no. 1, pp. 41-50, Feb. 2018.
@ARTICLE{baseline1, 
    author={N. {Shone} and T. N. {Ngoc} and V. D. {Phai} and Q. {Shi}}, 
    journal={IEEE Transactions on Emerging Topics in Computational Intelligence}, 
    title={A Deep Learning Approach to Network Intrusion Detection}, 
    year={2018}, 
    volume={2}, 
    number={1}, 
    pages={41-50},
}
// H. H. Pajouh, R. Javidan, R. Khayami, A. Dehghantanha and K. R. Choo, "A Two-Layer Dimension Reduction and Two-Tier Classification Model for Anomaly-Based Intrusion Detection in IoT Backbone Networks," in IEEE Transactions on Emerging Topics in Computing, vol. 7, no. 2, pp. 314-323, 1 April-June 2019.
@ARTICLE{deep2, 
    author={H. H. {Pajouh} and R. {Javidan} and R. {Khayami} and A. {Dehghantanha} and K. R. {Choo}}, 
    journal={IEEE Transactions on Emerging Topics in Computing}, 
    title={A Two-Layer Dimension Reduction and Two-Tier Classification Model for Anomaly-Based Intrusion Detection in IoT Backbone Networks}, 
    year={2019}, 
    volume={7}, 
    number={2}, 
    pages={314-323}
}
// M. A. Ambusaidi, X. He, P. Nanda and Z. Tan, "Building an Intrusion Detection System Using a Filter-Based Feature Selection Algorithm," in IEEE Transactions on Computers, vol. 65, no. 10, pp. 2986-2998, 1 Oct. 2016.
@ARTICLE{deep3, 
    author={M. A. {Ambusaidi} and X. {He} and P. {Nanda} and Z. {Tan}}, 
    journal={IEEE Transactions on Computers}, 
    title={Building an Intrusion Detection System Using a Filter-Based Feature Selection Algorithm}, 
    year={2016}, 
    volume={65}, 
    number={10}, 
    pages={2986-2998}
}
// T. Zhang and Q. Zhu, "Distributed Privacy-Preserving Collaborative Intrusion Detection Systems for VANETs," in IEEE Transactions on Signal and Information Processing over Networks, vol. 4, no. 1, pp. 148-161, March 2018.
@ARTICLE{deep4, 
    author={T. {Zhang} and Q. {Zhu}}, 
    journal={IEEE Transactions on Signal and Information Processing over Networks}, 
    title={Distributed Privacy-Preserving Collaborative Intrusion Detection Systems for VANETs}, 
    year={2018}, 
    volume={4}, 
    number={1}, 
    pages={148-161}
}
// N. Moustafa, K. R. Choo, I. Radwan and S. Camtepe, "Outlier Dirichlet Mixture Mechanism: Adversarial Statistical Learning for Anomaly Detection in the Fog," in IEEE Transactions on Information Forensics and Security, vol. 14, no. 8, pp. 1975-1987, Aug. 2019.
@ARTICLE{deep5, 
    author={N. {Moustafa} and K. R. {Choo} and I. {Radwan} and S. {Camtepe}}, 
    journal={IEEE Transactions on Information Forensics and Security}, 
    title={Outlier Dirichlet Mixture Mechanism: Adversarial Statistical Learning for Anomaly Detection in the Fog}, 
    year={2019}, 
    volume={14}, 
    number={8}, 
    pages={1975-1987}
}
// L. A. Maciel, M. A. Souza and H. C. de Freitas, "Reconfigurable FPGA-based K-means/K-modes Architecture for Network Intrusion Detection," in IEEE Transactions on Circuits and Systems II: Express Briefs.
@ARTICLE{deep6, 
    author={L. A. {Maciel} and M. A. {Souza} and H. C. {de Freitas}}, 
    journal={IEEE Transactions on Circuits and Systems II: Express Briefs}, 
    title={Reconfigurable FPGA-based K-means/K-modes Architecture for Network Intrusion Detection}, 
    year={2019}, 
    volume={}, 
    number={}, 
    pages={1-1}
}
// F. Jiang et al., "Deep Learning based Multi-channel intelligent attack detection for Data Security," in IEEE Transactions on Sustainable Computing.
@ARTICLE{deep7, 
    author={F. {Jiang} and Y. {Fu} and B. B. {Gupta} and F. {Lou} and S. {Rho} and F. {Meng} and Z. {Tian}}, 
    journal={IEEE Transactions on Sustainable Computing}, 
    title={Deep Learning based Multi-channel intelligent attack detection for Data Security}, 
    year={2018}, 
    volume={}, 
    number={}, 
    pages={1-1}
}
// Z. Tian, C. Luo, J. Qiu, X. Du and M. Guizani, "A Distributed Deep Learning System for Web Attack Detection on Edge Devices," in IEEE Transactions on Industrial Informatics, vol. 16, no. 3, pp. 1963-1971, March 2020.
@ARTICLE{deep8, 
    author={Z. {Tian} and C. {Luo} and J. {Qiu} and X. {Du} and M. {Guizani}}, 
    journal={IEEE Transactions on Industrial Informatics}, 
    title={A Distributed Deep Learning System for Web Attack Detection on Edge Devices}, 
    year={2020}, 
    volume={16}, 
    number={3}, 
    pages={1963-1971}
}
